

# webseiten
@online{website:VADER,
  title     = "VADER Sentiment Analysis",
  author    = "C.J. Hutto and E.E. Gilbert",
  url       = {https://github.com/cjhutto/vaderSentiment},
  date      = {2014},
  urltime   = {15:00},
  urldate   = {2024-07-03}
}

@online{website:AmazonReviews,
title     = "Amazon Reviews for Sentiment Analysis",
author    = "Adam Bittlingmayer",
url       = {https://www.kaggle.com/datasets/bittlingmayer/amazonreviews},
date      = {2019},
urltime   = {17:00},
urldate   = {2024-07-02},
}

@online{website:PyTorch,
title     = "PyTorch",
author    = {{PyTorch Foundation}},
url       = {https://pytorch.org/},
year      = {2024},
urldate   = {2024-07-04},
}

@online{website:nanoGPT,
title     = "nanoGPT",
author    = "Andrej Karpathy",
url       = {https://github.com/karpathy/nanoGPT},
date      = {2024-06-03},
urltime   = {17:00},
urldate   = {2024-07-03},
}

% teanet
@article{zhang2022transformer,
	title={Transformer-based attention network for stock movement prediction},
	author={Zhang, Qiuyue and Qin, Chao and Zhang, Yunfeng and Bao, Fangxun and Zhang, Caiming and Liu, Peide},
	journal={Expert Systems with Applications},
	volume={202},
	year={2022},
	publisher={Elsevier},
	doi={10.1016/j.eswa.2022.117033},
	url={https://www.sciencedirect.com/science/article/abs/pii/S0957417422006170?via%3Dihub}
}

%  interessanter network ansatz welcher auch datensatz verwendet
@article{Xu2020StockMovement,
	title = {Stock movement predictive network via incorporative attention mechanisms based on tweet and historical prices},
	author = {Hongfeng Xu and Lei Chai and Zhiming Luo and Shaozi Li},
	journal = {Neurocomputing},
	volume = {418},
	pages = {326--339},
	year = {2020},
	publisher = {Elsevier},
	doi = {10.1016/j.neucom.2020.07.109},
	url = {https://www.sciencedirect.com/science/article/abs/pii/S0925231220313060?via%3Dihub},
}

%  initial paper des datensatzes
@article{xu2018StockMovement,
	title = {Stock Movement Prediction from Tweets and Historical Prices},
	author = {Yumo Xu and Shay B. Cohen},
	journal = {Proceedings of the 56th Annual Meeting of the Association for Computational Linguistics},
	editor = {Iryna Gurevych and Yusuke Miyao},
	pages = {1970--1979},
	year = {2018},
	publisher = {Association for Computational Linguistics},
	url = {https://aclanthology.org/P18-1183},
	doi = {10.18653/v1/P18-1183},
	month = {July}
}

% finance sparchmodell paper
@article{hazourli2022financialbert,
	title = {FinancialBERT - A Pretrained Language Model for Financial Text Mining},
	author = {Ahmed Rachid Hazourli},
	journal = {Preprint on ResearchGate},
	year = {2022},
	month = {February},
	doi = {10.13140/RG.2.2.34032.12803},
	note = {CC BY 4.0 License}
}

% der datensatz auf github
@online{website:stocknet-dataset,
	title = "StockNet Dataset: A Comprehensive Dataset for Stock Movement Prediction from Tweets and Historical Stock Prices",
	author = "Yumo Xu and dtaylor-530",
	url = {https://github.com/yumoxu/stocknet-dataset},
	date = {2017},
	urltime = {12:00},
	urldate = {2024-12-20},
	note = "MIT License"
}



